\RequirePackage{filecontents}
\begin{filecontents}{\jobname.bib}
@Article{hall2012glioxal,
  Title                    = {Activation of benznidazole by trypanosomal type I nitroreductases results in glyoxal formation},
  Author                   = {Hall, Belinda S and Wilkinson, Shane R},
  Year                     = {2012},
  Number                   = {1},
  Pages                    = {115--123},
  Volume                   = {56},

  Journal                  = {Antimicrobial agents and chemotherapy},
  Publisher                = {Am Soc Microbiol}
}
\end{filecontents}
@ARTICLE{crowdenetal79,
  AUTHOR  = "Crowder, H. and Dembo, R.S. and Mulvey, J.M.",
  TITLE   = "On reporting computational experiments
             with mathematical software",
  JOURNAL = "{ACM} Transactions on Mathematical Software",
  YEAR    = 1979,
  VOLUME  = 5,
  NUMBER  = 2,
  PAGES   = "193--203"
  }

@INPROCEEDINGS{dantowsley90,
  AUTHOR       = "Dan, A. and Towsley, D.",
  TITLE        = "An approximate analysis of the {LRU} and {FIFO}
                  buffer replacement schemes",
  BOOKTITLE    = "Proc. {ACM} Conf.\ Measurement and
                  Modeling of Computer Systems",
  YEAR         = 1990,
  PAGES        = "143--152",
  ADDRESS      = "Boulder, Colorado, {USA}",
  MONTH        = may
  }


@ARTICLE{smith78a,
  AUTHOR  = "Smith, A. J.",
  TITLE   = "Sequentiality and prefetching in database systems",
  JOURNAL = "{ACM} Transactions on Database Systems",
  YEAR    = 1978,
  VOLUME  = 3,
  NUMBER  = 3,
  PAGES   = "223--247"
  }

@ARTICLE{smith78b,
  AUTHOR  = "Smith, A. J.",
  TITLE   = "Sequential program prefetching in memory hierarchies",
  JOURNAL = "Computer",
  YEAR    = 1978,
  VOLUME  = 11,
  NUMBER  = 11,
  PAGES   = "7--21"
  }

@ARTICLE{abiteboul,

  AUTHOR  = "Abiteboul, S. and Quass, D. and McHugh, J. and
             Widom, J. and Wiener, J.L.",
  TITLE   = "The Lorel query language for semistructured data",
  JOURNAL = "International Journal on Digital Libraries",
  YEAR    = 1997,
  VOLUME  = 1,
  NUMBER  = 1,
  PAGES   = "68-88",
  NOTE    = "[
             \url{http://link.springer.de/
                  link/service/journals/00799/
                  bibs/7001001/70010068.htm},
             18.1.2000]"
}



@ARTICLE{dietinger,

  AUTHOR  = "Dietinger, T. and others",
  TITLE   = "{Dynamic Background Libraries - New Developments in
             Distance Education Using {HIKS} {Hierarchical Interactive
             Knowledge System}}",
  JOURNAL = "Journal of Universal Computer Science",
  YEAR    = 1999,
  VOLUME  = 5,
  NUMBER  = 1,
  NOTE    = "[\url{http://www.iicm.edu/
                  jucs_5_1/dynamic_background_libraries_new},
              18.1.2000]"
}
